%%%%%%%%%%%%%%%%%%%%%%
%%%    BÃ¼cher    %%%%%
%%%%%%%%%%%%%%%%%%%%%%

@book{LABEL1,
    author = {Max Muster},
    title = {Ein Titel},
    publisher = {Ein Verlag},
    year = {2017},
    address = {Irgendwo},
    edition = {eine Auflage},
}



@inproceedings{LABEL2,
    author = {Max Muster}, 
    title = {Ein Titel2}, 
    booktitle = {Ein Buchtitel}, 
    publisher = {Ein Verlag},
    adress = {Ein Ort},
    year = {2017},
    series = {Eine Buchreihe},
    pages = {ein paar Seiten},
}


%%%%%%%%%%%%%%%%%%%%%%%%
%Normen und Richtlinien%
%%%%%%%%%%%%%%%%%%%%%%%%



@misc{NORM1,
    author = {{NORM-NUMMER1}},
    title = {Ein Titel-Norm},
    month = {Ein Monat},
    year = {2017},
}


%%%%%%%%%%%%%%%%%%%%%%%%%%%
%Artikel und Publikationen%
%%%%%%%%%%%%%%%%%%%%%%%%%%%



